@article{nats-bench,
  title     = {NATS-Bench: Benchmarking NAS Algorithms for Architecture Topology and Size},
  issn      = {1939-3539},
  url       = {http://dx.doi.org/10.1109/TPAMI.2021.3054824},
  doi       = {10.1109/tpami.2021.3054824},
  journal   = {IEEE Transactions on Pattern Analysis and Machine Intelligence},
  publisher = {Institute of Electrical and Electronics Engineers (IEEE)},
  author    = {Dong, Xuanyi and Liu, Lu and Musial, Katarzyna and Gabrys, Bogdan},
  year      = {2021},
  pages     = {1â€“1}
}
